<collection xmlns="http://www.loc.gov/MARC21/slim">
<record>
  <leader>00799nam0a22001931i 450 </leader>
  <controlfield tag="001">IT\ICCU\CNCE\077235</controlfield>
  <controlfield tag="005">20111229000000.0</controlfield>
  <datafield tag="012" ind1=" " ind2=" ">
    <subfield code="a">a.e- seta deic depe (C) 1526 (Q)</subfield>
    <subfield code="2">fei</subfield>
  </datafield>
  <datafield tag="100" ind1=" " ind2=" ">
    <subfield code="a">20111229f1526        0itac0103    ba</subfield>
  </datafield>
  <datafield tag="101" ind1=" " ind2=" ">
    <subfield code="a">LAT</subfield>
  </datafield>
  <datafield tag="102" ind1=" " ind2=" ">
    <subfield code="a">IT</subfield>
  </datafield>
  <datafield tag="200" ind1="1" ind2=" ">
    <subfield code="a">Sermo egregius de indulgentia Sancte Marie de Angelis apud Assisius compillatus per fratrem Franciscum de Venetiis, alias El Suriano prouintie sancti Francisci</subfield>
  </datafield>
  <datafield tag="210" ind1=" " ind2=" ">
    <subfield code="d">\1526?!</subfield>
  </datafield>
  <datafield tag="215" ind1=" " ind2=" ">
    <subfield code="a">\8! c.</subfield>
    <subfield code="d">4ʻ</subfield>
  </datafield>
  <datafield tag="700" ind1=" " ind2="1">
    <subfield code="a">Suriano,</subfield>
    <subfield code="b">Francesco</subfield>
    <subfield code="c"> &lt;1450-ca. 1529&gt;</subfield>
    <subfield code="3">IT\ICCU\CNCA\013059</subfield>
  </datafield>
  <datafield tag="712" ind1="0" ind2="2">
    <subfield code="a">s.n.</subfield>
    <subfield code="3">IT\ICCU\CNCT\000002</subfield>
    <subfield code="4">650</subfield>
  </datafield>
  <datafield tag="790" ind1=" " ind2="1">
    <subfield code="a">Surianus,</subfield>
    <subfield code="b">Franciscus</subfield>
    <subfield code="c"> &lt;1450-ca. 1529&gt;</subfield>
    <subfield code="3">IT\ICCU\CNCA\024620</subfield>
    <subfield code="z">Suriano, Francesco &lt;1450-ca. 1529&gt;</subfield>
  </datafield>
  <datafield tag="801" ind1=" " ind2="3">
    <subfield code="a">IT</subfield>
    <subfield code="b">ICCU</subfield>
    <subfield code="c">20201115</subfield>
  </datafield>
  <datafield tag="899" ind1=" " ind2=" ">
    <subfield code="a">Biblioteca comunale Augusta. Perugia</subfield>
    <subfield code="1">PG0109</subfield>
    <subfield code="2">UM1 01</subfield>
  </datafield>
</record>
</collection>
